% This file was created with JabRef 2.8b2.
% Encoding: UTF8

@INPROCEEDINGS{Abdelnur:2006:voipass,
  author = {Abdelnur, H. and Cridlig, V. and State, R. and Festor, O.},
  title = {VoIP security assessment: methods and tools},
  booktitle = {Proc. 1st IEEE Workshop VoIP Management and Security},
  year = {2006},
  pages = {29--34},
  bdsk-url-1 = {http://dx.doi.org/10.1109/VOIPMS.2006.1638119},
  date-modified = {2011-09-15 09:12:20 +0000},
  owner = {Philipp Schaden},
  timestamp = {2011.09.15}
}

@INPROCEEDINGS{Anwar:2006:despatt,
  author = {Anwar, Z. and Yurcik, W. and Johnson, R. E. and Hafiz, M. and Campbell,
	R. H.},
  title = {Multiple design patterns for voice over IP (VoIP) security},
  booktitle = {Proc. 25th IEEE Int. Performance, Computing, and Communications Conf.
	IPCCC 2006},
  year = {2006},
  __markedentry = {[Philipp Schaden:6]},
  bdsk-url-1 = {http://dx.doi.org/10.1109/.2006.1629443},
  date-modified = {2011-09-15 09:12:33 +0000},
  owner = {Philipp Schaden},
  timestamp = {2011.09.15}
}

@ARTICLE{Butcher:2007:SecChall,
  author = {Butcher, D. and Xiangyang L. and Jinhua G.},
  title = {Security Challenge and Defense in VoIP Infrastructures},
  journal = IEEE_J_SMCC,
  year = {2007},
  volume = {37},
  pages = {1152--1162},
  number = {6},
  __markedentry = {[Philipp Schaden:]},
  bdsk-url-1 = {http://dx.doi.org/10.1109/TSMCC.2007.905853},
  date-modified = {2012-03-19 21:25:00 +0000},
  owner = {Philipp Schaden},
  timestamp = {2011.09.15}
}

@ARTICLE{CaoWang:2009:DevLab,
  author = {X. Cao and Y. Wang and A. Caciula and Y. Wang},
  title = {Developing a multifunctional network laboratory for teaching and	re- search},
  journal = {SIGITE '09: Proceedings of the 10th ACM confer- ence on SIG-information technology education},
  year = {2009},
  pages = {155 - 160},
  number = {2009},
  date-added = {2011-09-15 09:10:48 +0000},
  date-modified = {2011-11-22 12:23:42 +0000}
}

@INPROCEEDINGS{Coulibaly:2010:secvoipb,
  author = {Coulibaly, E. and L. Liu},
  title = {Security of Voip networks},
  booktitle = {Proc. 2nd Int Computer Engineering and Technology (ICCET) Conf},
  year = {2010},
  volume = {3},
  bdsk-url-1 = {http://dx.doi.org/10.1109/ICCET.2010.5485790},
  date-modified = {2012-03-19 21:26:12 +0000},
  owner = {Philipp Schaden},
  timestamp = {2011.09.15}
}

@BOOK{eckert:2009:sicherheit,
  title = {IT-Sicherheit: Konzepte - Verfahren - Protokolle},
  publisher = {Oldenbourg Wissensch.Vlg},
  year = {2009},
  author = {Eckert, C.},
  bdsk-url-1 = {http://books.google.com/books?id=akxvOu7pY40C},
  date-added = {2011-09-14 20:49:14 +0000},
  date-modified = {2011-09-14 20:49:25 +0000},
  isbn = {9783486589993},
  url = {http://books.google.com/books?id=akxvOu7pY40C}
}

@ARTICLE{Egger:2008:linVoip,
  author = {C. Egger and M. Hirschbichler},
  title = {VoIP Security},
  journal = {Linux Magazin - Technical Review, Security},
  year = {2008},
  pages = {54 - 61},
  number = {10},
  date-added = {2011-09-15 09:10:48 +0000},
  date-modified = {2011-09-15 09:11:59 +0000}
}

@BOOK{endler:2006:hacking,
  title = {Hacking exposed VoIP: voice over IP security secrets \& solutions},
  publisher = {McGraw-Hill},
  year = {2006},
  author = {Endler, D. and Collier, M.},
  series = {Hacking Exposed},
  bdsk-url-1 = {http://books.google.com/books?id=IPp07U0OktkC},
  date-added = {2011-09-14 20:51:10 +0000},
  date-modified = {2011-09-14 20:51:21 +0000},
  isbn = {9780072263640},
  lccn = {2007297320},
  url = {http://books.google.com/books?id=IPp07U0OktkC}
}

@BOOK{eren:2007:voip,
  title = {VoIP Security: Konzepte und L{\"o}sungen f{\"u}r sichere VoIP-Kommunikation},
  publisher = {Hanser Fachbuchverlag},
  year = {2007},
  author = {Eren, E. and Detken, K.O.},
  bdsk-url-1 = {http://books.google.com/books?id=v8nE9ETF%5C_2kC},
  date-added = {2011-09-14 20:54:42 +0000},
  date-modified = {2011-09-14 20:54:51 +0000},
  isbn = {9783446410862},
  url = {http://books.google.com/books?id=v8nE9ETF\_2kC}
}

@INPROCEEDINGS{Hung:2006:seciss,
  author = {P. C. K. Hung and M. Vargas},
  title = {Security Issues in VOIP Applications},
  booktitle = {Proc. Canadian Conf. Electrical and Computer Engineering CCECE '06},
  year = {2006},
  pages = {2361--2364},
  bdsk-url-1 = {http://dx.doi.org/10.1109/CCECE.2006.277789},
  date-modified = {2012-03-19 21:25:52 +0000},
  owner = {Philipp Schaden},
  timestamp = {2011.09.15}
}

@BOOK{porter:2006:practicalvoip,
  title = {Practical VoIP security},
  publisher = {Syngress Publishing},
  year = {2006},
  author = {Porter, T. and Porter, T.},
  bdsk-url-1 = {http://books.google.com/books?id=BYxdyekyRlwC},
  date-added = {2011-09-14 20:56:24 +0000},
  date-modified = {2011-09-14 20:56:42 +0000},
  isbn = {9781597490603},
  url = {http://books.google.com/books?id=BYxdyekyRlwC}
}

@INPROCEEDINGS{Qu:2009:desactv,
  author = {Zhaoyang Q. and W. Yang},
  title = {The Design of an Active VoIP Security Defense Model Based on Dynamic
	Self-Adaptive Diffluence},
  booktitle = {Proc. Int. Conf. Environmental Science and Information Application
	Technology ESIAT 2009},
  year = {2009},
  volume = {1},
  pages = {657--660},
  bdsk-url-1 = {http://dx.doi.org/10.1109/ESIAT.2009.88},
  date-modified = {2012-03-19 21:26:39 +0000},
  owner = {Philipp Schaden},
  timestamp = {2011.09.15}
}

@INPROCEEDINGS{Ronniger:2010:robflex,
  author = {Ronniger, M. and Fankhauser, F. and Schanes, C. and Grechenig, T.},
  title = {A robust and flexible test environment for VoIP security tests},
  booktitle = {Proc. Int Internet Technology and Secured Transactions (ICITST) Conf.
	for},
  year = {2010},
  pages = {1--6},
  date-modified = {2011-09-15 09:13:15 +0000},
  owner = {Philipp Schaden},
  timestamp = {2011.09.15}
}

@BOOK{strobel:2003:firewalls,
  title = {Firewalls und IT-Sicherheit},
  publisher = {dpunkt-Verl.},
  year = {2003},
  author = {Strobel, S.},
  bdsk-url-1 = {http://books.google.com/books?id=KlQbAgAACAAJ},
  date-added = {2011-09-14 20:47:26 +0000},
  date-modified = {2011-09-14 20:47:49 +0000},
  isbn = {9783898641524},
  url = {http://books.google.com/books?id=KlQbAgAACAAJ}
}

