% This file was created with JabRef 2.8b2.
% Encoding: MacRoman

@INPROCEEDINGS{Abdelnur:2006:voipass,
  author = {Abdelnur, H. and Cridlig, V. and State, R. and Festor, O.},
  title = {VoIP security assessment: methods and tools},
  booktitle = {Proc. 1st IEEE Workshop VoIP Management and Security},
  year = {2006},
  pages = {29--34},
  date-modified = {2011-09-15 09:12:20 +0000},
  owner = {Philipp Schaden},
  timestamp = {2011.09.15}
}

@INPROCEEDINGS{Anwar:2006:despatt,
  author = {Anwar, Z. and Yurcik, W. and Johnson, R. E. and Hafiz, M. and Campbell,	R. H.},
  title = {Multiple design patterns for voice over IP (VoIP) security},
  booktitle = {Proc. 25th IEEE Int. Performance, Computing, and Communications Conf. IPCCC 2006},
  year = {2006},
  date-modified = {2011-09-15 09:12:33 +0000},
  owner = {Philipp Schaden},
  timestamp = {2011.09.15}
}

@OTHER{BSIBedarf,
  author = {BSI},
  date-added = {2011-12-20 23:14:18 +0000},
  date-modified = {2011-12-20 23:14:41 +0000},
  keywords = {2011},
  title = {Schutzbedarfskategorien},
  urldate = {https://www.bsi.bund.de/cln_156/DE/Themen/weitereThemen/WebkursITGrundschutz/Schutzbedarfsfeststellung/Schutzbedarfskategorien/schutzbedarfskategorien_node.html}
}

@OTHER{BSIBegriffe1,
  author = {BSI},
  date-added = {2011-12-20 23:11:46 +0000},
  date-modified = {2011-12-20 23:12:30 +0000},
  lastchecked = {2009},
  title = {BSI Begriffsdefinitionen},
  urldate = {https://www.bsi.bund.de/cln_183/sid_C6E2892F31C8991A1AAD7D06780EC8A8/ContentBSI/grundschutz/kataloge/glossar/04.html}
}

@OTHER{BSIInfosi,
  author = {BSI},
  date-added = {2011-12-20 23:12:43 +0000},
  date-modified = {2011-12-20 23:13:11 +0000},
  title = {IT-Grundschutz - Basis f{\"u}r Informationssicherheit},
  urldate = {https://www.bsi.bund.de/DE/Themen/weitereThemen/ITGrundschutzKataloge/Inhalt/Allgemeines/Einstiegskapitel/einstiegskapitel_node.html}
}

@OTHER{BSIITkat,
  author = {BSI},
  date-added = {2011-12-20 23:19:39 +0000},
  date-modified = {2011-12-20 23:20:08 +0000},
  lastchecked = {2011},
  title = {IT-Grundschutz-Kataloge},
  urldate = {https://www.bsi.bund.de/cln_174/DE/Themen/weitereThemen/ITGrundschutzKataloge/itgrundschutzkataloge_node.html}
}

@OTHER{BSIKat1,
  author = {BSI},
  date-added = {2011-12-20 23:01:33 +0000},
  date-modified = {2011-12-20 23:04:35 +0000},
  lastchecked = {2009},
  title = {Anwendungsweisen der IT-Grundschutz-Kataloge},
  urldate = {https://www.bsi.bund.de/cln_174/ContentBSI/grundschutz/kataloge/allgemein/einstieg/01001.html#1_4}
}

@ARTICLE{Butcher:2007:SecChall,
  author = {Butcher, D. and X. Li and J. Guo},
  title = {Security Challenge and Defense in VoIP Infrastructures},
  journal = IEEE,
  year = {2007},
  volume = {37},
  pages = {1152--1162},
  number = {6},
  date-modified = {2012-03-19 23:02:48 +0000},
  owner = {Philipp Schaden},
  timestamp = {2011.09.15}
}

@ARTICLE{CaoWang:2009:DevLab,
  author = {X. Cao and Y. Wang and A. Caciula and Y. Wang},
  title = {Developing a multifunctional network laboratory for teaching and
	re- search},
  journal = {SIGITE '09: Proceedings of the 10th ACM confer- ence on SIG-information
	technology education},
  year = {2009},
  pages = {155 - 160},
  number = {2009},
  date-added = {2011-09-15 09:10:48 +0000},
  date-modified = {2011-11-22 12:23:42 +0000}
}

@INPROCEEDINGS{Coulibaly:2010:secvoipb,
  author = {Coulibaly, E. and L. Liu},
  title = {Security of Voip networks},
  booktitle = {Proc. 2nd Int Computer Engineering and Technology (ICCET) Conf},
  year = {2010},
  volume = {3},
  date-modified = {2012-03-19 23:01:35 +0000},
  owner = {Philipp Schaden},
  timestamp = {2011.09.15}
}

@BOOK{eckert:2009:sicherheit,
  title = {IT-Sicherheit: Konzepte - Verfahren - Protokolle},
  publisher = {Oldenbourg Wissensch.Vlg},
  year = {2009},
  author = {Eckert, C.},
  date-added = {2011-09-14 20:49:14 +0000},
  date-modified = {2011-09-14 20:49:25 +0000},
  isbn = {9783486589993},
  url = {http://books.google.com/books?id=akxvOu7pY40C}
}

@ARTICLE{Egger:2008:linVoip,
  author = {C. Egger and M. Hirschbichler},
  title = {VoIP Security},
  journal = {Linux Magazin - Technical Review, Security},
  year = {2008},
  pages = {54 - 61},
  number = {10},
  date-added = {2011-09-15 09:10:48 +0000},
  date-modified = {2011-09-15 09:11:59 +0000}
}

@BOOK{endler:2006:hacking,
  title = {Hacking exposed VoIP: voice over IP security secrets \& solutions},
  publisher = {McGraw-Hill},
  year = {2006},
  author = {Endler, D. and Collier, M.},
  series = {Hacking Exposed},
  bdsk-url-1 = {http://books.google.com/books?id=IPp07U0OktkC},
  date-added = {2011-09-14 20:51:10 +0000},
  date-modified = {2011-09-14 20:51:21 +0000},
  isbn = {9780072263640},
  lccn = {2007297320},
  url = {http://books.google.com/books?id=IPp07U0OktkC}
}

@BOOK{eren:2007:voip,
  title = {VoIP Security: Konzepte und L{\"o}sungen f{\"u}r sichere VoIP-Kommunikation},
  publisher = {Hanser Fachbuchverlag},
  year = {2007},
  author = {Eren, E. and Detken, K.O.},
  bdsk-url-1 = {http://books.google.com/books?id=v8nE9ETF%5C_2kC},
  date-added = {2011-09-14 20:54:42 +0000},
  date-modified = {2011-09-14 20:54:51 +0000},
  isbn = {9783446410862},
  url = {http://books.google.com/books?id=v8nE9ETF\_2kC}
}

@BOOK{ois:fischer,
  title = {{Open Internet Security - Von den Grundlagen zu den Anwendungen}},
  publisher = {Springer Verlag},
  year = {2000},
  author = {S. Fischer and C. Rensing and U. Roedig},
  month = jan,
  note = {ISBN 3-540-66814-4.},
  abstract = {Praxisnah und verst{\"a}ndlich informiert der {\"U}berblick {\"u}ber
	die aktuellen Sicherheitsaspekte der Internet-Kommunikation. Die
	Autoren behandeln die theoretischen Grundlagen verschiedener Sicherheitsstrategien
	und zeigen die Risiken bei der Anwendung bzw. Implementierung auf.
	Die beschriebenen Sicherheitstools orientieren sich am Schichtenmodell
	der ISO/OSI, die Sicherheitsrelevanz der verschiedenen Schichten
	wird analysiert. Security-Aspekte bei der IP-Telefonie und beim Internet-Banking
	runden das Buch ab. },
  date-modified = {2012-03-19 23:02:26 +0000}
}

@OTHER{Micro05,
  author = {Microsoft Deutschland GmbH},
  date-added = {2011-12-20 22:39:48 +0000},
  date-modified = {2011-12-20 22:42:08 +0000},
  lastchecked = {2005},
  title = {Die 6 Merkmale der Zuverl{\"a}ssigkeit},
  urldate = {http://www.microsoft.com/germany/sicherheit/twc/ Reliabilityattributes.mspx}
}

@INPROCEEDINGS{Hung:2006:seciss,
  author = {P. C. K. Hung and M. Martin},
  title = {Security Issues in VOIP Applications},
  booktitle = {Proc. Canadian Conf. Electrical and Computer Engineering CCECE '06},
  year = {2006},
  pages = {2361--2364},
  date-modified = {2012-03-19 23:01:49 +0000},
  owner = {Philipp Schaden},
  timestamp = {2011.09.15}
}

@OTHER{BSIa,
  author = {Bundesstelle f{\"u}r Informationstechnik},
  date-added = {2011-12-20 22:37:58 +0000},
  date-modified = {2011-12-20 22:39:39 +0000},
  lastchecked = {2011},
  title = {Glossar},
  urldate = {http://www.bit.bund.de/nn_373372/BIT/DE/Zentrale__Dienste/DVDV/Glossar/Functions/glossar,lv2=373502.html}
}

@BOOK{porter:2006:practicalvoip,
  title = {Practical VoIP security},
  publisher = {Syngress Publishing},
  year = {2006},
  author = {Porter, T. and Porter, T.},
  bdsk-url-1 = {http://books.google.com/books?id=BYxdyekyRlwC},
  date-added = {2011-09-14 20:56:24 +0000},
  date-modified = {2011-09-14 20:56:42 +0000},
  isbn = {9781597490603},
  url = {http://books.google.com/books?id=BYxdyekyRlwC}
}

@INPROCEEDINGS{Qu:2009:desactv,
  author = {Z. Qu and W. Yang},
  title = {The Design of an Active VoIP Security Defense Model Based on Dynamic
	Self-Adaptive Diffluence},
  booktitle = {Proc. Int. Conf. Environmental Science and Information Application
	Technology ESIAT 2009},
  year = {2009},
  volume = {1},
  pages = {657--660},
  date-modified = {2012-03-19 23:01:24 +0000},
  owner = {Philipp Schaden},
  timestamp = {2011.09.15}
}

@INPROCEEDINGS{Ronniger:2010:robflex,
  author = {Ronniger, M. and Fankhauser, F. and Schanes, C. and Grechenig, T.},
  title = {A robust and flexible test environment for VoIP security tests},
  booktitle = {Proc. Int Internet Technology and Secured Transactions (ICITST) Conf.
	for},
  year = {2010},
  pages = {1--6},
  date-modified = {2011-09-15 09:13:15 +0000},
  owner = {Philipp Schaden},
  timestamp = {2011.09.15}
}

@BOOK{strobel:2003:firewalls,
  title = {Firewalls und IT-Sicherheit},
  publisher = {dpunkt-Verl.},
  year = {2003},
  author = {Strobel, S.},
  bdsk-url-1 = {http://books.google.com/books?id=KlQbAgAACAAJ},
  date-added = {2011-09-14 20:47:26 +0000},
  date-modified = {2011-09-14 20:47:49 +0000},
  isbn = {9783898641524},
  url = {http://books.google.com/books?id=KlQbAgAACAAJ}
}

